<?xml version="1.0" encoding="UTF-8"?><collection xmlns="http://www.loc.gov/MARC21/slim"><record><leader>00425nam--2200133-i-4500</leader><controlfield tag="001">000003740</controlfield><controlfield tag="002">20161230</controlfield><controlfield tag="005">20161230201025</controlfield><controlfield tag="008">060222s1000------------r-----000-0-eng-d</controlfield><datafield ind1=" " ind2=" " tag="080"><subfield code="a">621.316.545</subfield></datafield><datafield ind1=" " ind2=" " tag="100"><subfield code="a">Afanasiev, V.V. Apraxin, A.I. Si Crasnogorodtev, S.A</subfield></datafield><datafield ind1=" " ind2=" " tag="245"><subfield code="a">Separatorii. traducere din limba rusa. numai pentru uz intern si documentre</subfield></datafield><datafield ind1=" " ind2=" " tag="260"><subfield code="a">Bucuresti, Editura Energetica De Stat, 1953 72 P</subfield></datafield><datafield ind1=" " ind2=" " tag="852"><subfield code="a">26097</subfield></datafield></record></collection>